@inproceedings{Porras:2012:SEK:2342441.2342466,
 author = {Porras, Philip and Shin, Seungwon and Yegneswaran, Vinod and Fong, Martin and Tyson, Mabry and Gu, Guofei},
 title = {A security enforcement kernel for OpenFlow networks},
 booktitle = {Proceedings of the first workshop on Hot topics in software defined networks},
 series = {HotSDN '12},
 year = {2012},
 isbn = {978-1-4503-1477-0},
 location = {Helsinki, Finland},
 pages = {121--126},
 numpages = {6},
 url = {http://doi.acm.org/10.1145/2342441.2342466},
 doi = {10.1145/2342441.2342466},
 acmid = {2342466},
 publisher = {ACM},
 address = {New York, NY, USA},
 keywords = {openflow, policy enforcement, security},
}

@inproceedings{Casado:2007:ETC:1282380.1282382,
 author = {Casado, Martin and Freedman, Michael J. and Pettit, Justin and Luo, Jianying and McKeown, Nick and Shenker, Scott},
 title = {Ethane: taking control of the enterprise},
 booktitle = {Proceedings of the 2007 conference on Applications, technologies, architectures, and protocols for computer communications},
 series = {SIGCOMM '07},
 year = {2007},
 isbn = {978-1-59593-713-1},
 location = {Kyoto, Japan},
 pages = {1--12},
 numpages = {12},
 url = {http://doi.acm.org/10.1145/1282380.1282382},
 doi = {10.1145/1282380.1282382},
 acmid = {1282382},
 publisher = {ACM},
 address = {New York, NY, USA},
 keywords = {architecture, management, network, security},
} 

@article{Gude:2008:NTO:1384609.1384625,
 author = {Gude, Natasha and Koponen, Teemu and Pettit, Justin and Pfaff, Ben and Casado, Mart\'{\i}n and McKeown, Nick and Shenker, Scott},
 title = {NOX: towards an operating system for networks},
 journal = {SIGCOMM Comput. Commun. Rev.},
 issue_date = {July 2008},
 volume = {38},
 number = {3},
 month = jul,
 year = {2008},
 issn = {0146-4833},
 pages = {105--110},
 numpages = {6},
 url = {http://doi.acm.org/10.1145/1384609.1384625},
 doi = {10.1145/1384609.1384625},
 acmid = {1384625},
 publisher = {ACM},
 address = {New York, NY, USA},
 keywords = {architecture, management, network, security},
} 

@inproceedings{Lantz:2010:NLR:1868447.1868466,
 author = {Lantz, Bob and Heller, Brandon and McKeown, Nick},
 title = {A network in a laptop: rapid prototyping for software-defined networks},
 booktitle = {Proceedings of the 9th ACM SIGCOMM Workshop on Hot Topics in Networks},
 series = {Hotnets-IX},
 year = {2010},
 isbn = {978-1-4503-0409-2},
 location = {Monterey, California},
 pages = {19:1--19:6},
 articleno = {19},
 numpages = {6},
 url = {http://doi.acm.org/10.1145/1868447.1868466},
 doi = {10.1145/1868447.1868466},
 acmid = {1868466},
 publisher = {ACM},
 address = {New York, NY, USA},
 keywords = {emulation, open-flow, rapid prototyping, software defined networking, virtualization},
}  

@article{McKeown:2008:OEI:1355734.1355746,
 author = {McKeown, Nick and Anderson, Tom and Balakrishnan, Hari and Parulkar, Guru and Peterson, Larry and Rexford, Jennifer and Shenker, Scott and Turner, Jonathan},
 title = {OpenFlow: enabling innovation in campus networks},
 journal = {SIGCOMM Comput. Commun. Rev.},
 issue_date = {April 2008},
 volume = {38},
 number = {2},
 month = mar,
 year = {2008},
 issn = {0146-4833},
 pages = {69--74},
 numpages = {6},
 url = {http://doi.acm.org/10.1145/1355734.1355746},
 doi = {10.1145/1355734.1355746},
 acmid = {1355746},
 publisher = {ACM},
 address = {New York, NY, USA},
 keywords = {ethernet switch, flow-based, virtualization},
} 

@MISC{floodlight,
 title = {Floodlight OpenFlow Controller},
 howpublished = {\url{http://www.projectfloodlight.com}},
 note = {Accessed: 2013-02-26},
}

@MISC{flowvisor,
 author = {Sherwood, Rob and Gibb, Glen and Yap, Kok-Kiong and Appenzeller, Guido and Casado, Martin and McKeown, Nick and Parulkar, Guru},
 title = {FlowVisor: A Network Virtualization Layer},
 month = oct,
 year = {2009},
 howpublished = {\url{http://www.openflow.org/downloads/technicalreports/openflow-tr-2009-1-flowvisor.pdf}},
 note = {Accessed: 2013-04-28},
}
